@article{Positselski22,
  title={Differential graded Koszul duality: An introductory survey},
  author={Leonid Positselski},
  journal={Bulletin of the London Mathematical Society},
  year={2022},
  volume={55},
  url={https://api.semanticscholar.org/CorpusID:250526679}
}

@article{ScholzeReal,
    title={Geometrization of the real local Langlands correspondence},
    author={Peter Scholze},
    year={2024},
    url={https://people.mpim-bonn.mpg.de/scholze/RealLocalLanglands.pdf}
}

@article{EHS22,
    author = "Elliott, Chris and Hahner, Fabian and Saberi, Ingmar",
    title = "{The Derived Pure Spinor Formalism as an Equivalence of Categories}",
    eprint = "2205.14133",
    archivePrefix = "arXiv",
    primaryClass = "math-ph",
    doi = "10.3842/SIGMA.2023.022",
    journal = "SIGMA",
    volume = "19",
    pages = "022",
    year = "2023"
}
